<?xml version="1.0" encoding="UTF-8"?><record xmlns="http://www.loc.gov/MARC21/slim" xmlns:cinclude="http://apache.org/cocoon/include/1.0" xmlns:zs="http://www.loc.gov/zing/srw/">
  <leader>00695nz  a2200205n  4500</leader>
  <controlfield tag="001">no2010011059</controlfield>
  <controlfield tag="003">DLC</controlfield>
  <controlfield tag="005">20100123075641.0</controlfield>
  <controlfield tag="008">100121n| acannaabn          |b aac     c</controlfield>
  <datafield tag="010" ind1=" " ind2=" ">
    <subfield code="a">no2010011059</subfield>
  </datafield>
  <datafield tag="035" ind1=" " ind2=" ">
    <subfield code="a">(OCoLC)oca08368898</subfield>
  </datafield>
  <datafield tag="040" ind1=" " ind2=" ">
    <subfield code="a">WaBeW</subfield>
    <subfield code="b">eng</subfield>
    <subfield code="c">WaBeW</subfield>
  </datafield>
  <datafield tag="100" ind1="1" ind2=" ">
    <subfield code="a">Nurmuhămmăt, Nurtay</subfield>
  </datafield>
  <datafield tag="400" ind1="1" ind2=" ">
    <subfield code="a">Nurmuhămmăt, Nurtai</subfield>
  </datafield>
  <datafield tag="400" ind1="0" ind2=" ">
    <subfield code="a">Nurtay Nurmuhămmăt</subfield>
  </datafield>
  <datafield tag="400" ind1="0" ind2=" ">
    <subfield code="a">Nu'ertai</subfield>
  </datafield>
  <datafield tag="400" ind1="0" ind2=" ">
    <subfield code="a">努尔泰</subfield>
  </datafield>
  <datafield tag="667" ind1=" " ind2=" ">
    <subfield code="a">Based on proposed revision of Uighur RT.</subfield>
  </datafield>
  <datafield tag="667" ind1=" " ind2=" ">
    <subfield code="a">Non-Latin script reference not evaluated.</subfield>
  </datafield>
  <datafield tag="670" ind1=" " ind2=" ">
    <subfield code="a">Bash vă mengă kesăllikliri, 2005:</subfield>
    <subfield code="b">t.p. (Nurtay Nurmuhămmăt [old romanization: Nurtai Nurmuhămmăt]) Chin. CIP (努尔泰 = Nu'ertai)</subfield>
  </datafield>
</record>